http://labdegaragem.com/profiles/blogs/tutorial-como-utilizar-o-xbee

http://wiki.sj.ifsc.edu.br/wiki/index.php/COMUNICA%C3%87%C3%83O_XBEE

https://sites.google.com/site/ronaldoecaetano/microcontrolador/atmega328

http://www.drondrones.com.br/single-post/2016/06/15/Voc%C3%AA-sabe-o-que-faz-o-IMU-no-seu-drone

http://www.filipeflop.com/pd-6b847-modulo-cartao-sd-card.html

http://automacaoepic.blogspot.com.br/2015/07/como-funcionam-os-modulos-gps-parte-1.html

http://www.usinainfo.com.br/modulos-para-arduino/modulo-gps-antena-para-arduino-e-raspberry-pi-gy-gps6mv2-2531.html